@dataset{kav_batuhan_2020_4048172,
  author       = {Kav, Batuhan},
  title        = {{Pure POPC Membrane with 450mM CaCl2 simulations 
                   using Drude Polarizable Force Field and OpenMM}},
  month        = aug,
  year         = 2020,
  publisher    = {Zenodo},
  doi          = {10.5281/zenodo.4048172},
  url          = {https://doi.org/10.5281/zenodo.4048172}
}
@dataset{kav_batuhan_2020_4074906,
  author       = {Kav, Batuhan},
  title        = {{Pure POPC Membrane with 1000mM NaCl simulations
                   using Drude Polarizable Force Field and OpenMM}},
  month        = aug,
  year         = 2020,
  publisher    = {Zenodo},
  doi          = {10.5281/zenodo.4074906},
  url          = {https://doi.org/10.5281/zenodo.4074906}
}
@dataset{kav_batuhan_2020_4048178,
  author       = {Kav, Batuhan},
  title        = {{Pure POPC Membrane with 350mM CaCl2 simulations
                   using Drude Polarizable Force Field and OpenMM}},
  month        = aug,
  year         = 2020,
  publisher    = {Zenodo},
  doi          = {10.5281/zenodo.4048178},
  url          = {https://doi.org/10.5281/zenodo.4048178}
}
@dataset{kav_batuhan_2020_4048171,
  author       = {Kav, Batuhan},
  title        = {{Pure POPC Membrane with 450mM NaCl simulations
                   using Drude Polarizable Force Field and OpenMM}},
  month        = aug,
  year         = 2020,
  publisher    = {Zenodo},
  doi          = {10.5281/zenodo.4048171},
  url          = {https://doi.org/10.5281/zenodo.4048171}
}
@dataset{kav_batuhan_2020_4048175,
  author       = {Kav, Batuhan},
  title        = {{Pure POPC Membrane with 650mM CaCl2 simulations
                   using Drude Polarizable Force Field and OpenMM}},
  month        = aug,
  year         = 2020,
  publisher    = {Zenodo},
  doi          = {10.5281/zenodo.4048175},
  url          = {https://doi.org/10.5281/zenodo.4048175}
}
@dataset{kav_batuhan_2020_4048180,
  author       = {Kav, Batuhan},
  title        = {{Pure POPC Membrane with 350mM NaCl simulations
                   using Drude Polarizable Force Field and OpenMM}},
  month        = aug,
  year         = 2020,
  publisher    = {Zenodo},
  doi          = {10.5281/zenodo.4048180},
  url          = {https://doi.org/10.5281/zenodo.4048180}
}
@dataset{kav_batuhan_2020_4074903,
  author       = {Kav, Batuhan},
  title        = {{Pure POPC Membrane with 650mM NaCl simulations
                   using Drude Polarizable Force Field and OpenMM}},
  month        = aug,
  year         = 2020,
  publisher    = {Zenodo},
  doi          = {10.5281/zenodo.4074903},
  url          = {https://doi.org/10.5281/zenodo.4074903}
}
