@article{Melcr:2018a,
	Author = {Melcr, Josef and Martinez-Seara, Hector and Nencini, Ricky and Kolafa, Ji{\v r}{\'\i} and Jungwirth, Pavel and Ollila, O. H. Samuli},
	Journal = {J. Phys. Chem. B},
	Pages = {4546--4557},
	Title = {Accurate Binding of Sodium and Calcium to a POPC Bilayer by Effective Inclusion of Electronic Polarization},
	Volume = {122},
	Year = {2018}
}
@article{lucas2012charge,
  title={Charge equilibration force fields for molecular dynamics simulations of lipids, bilayers, and integral membrane protein systems},
  author={Lucas, Timothy R and Bauer, Brad A and Patel, Sandeep},
  journal={Biochimica et Biophysica Acta (BBA)-Biomembranes},
  volume={1818},
  number={2},
  pages={318--329},
  year={2012},
  publisher={Elsevier}
}
@article{li2017drude,
  title={Drude polarizable force field for molecular dynamics simulations of saturated and unsaturated zwitterionic lipids},
  author={Li, Hui and Chowdhary, Janamejaya and Huang, Lei and He, Xibing and MacKerell Jr, Alexander D and Roux, Beno{\^\i}t},
  journal={Journal of chemical theory and computation},
  volume={13},
  number={9},
  pages={4535--4552},
  year={2017},
  publisher={ACS Publications}
}
@article{klauda2010update,
  title={Update of the CHARMM all-atom additive force field for lipids: validation on six lipid types},
  author={Klauda, Jeffery B and Venable, Richard M and Freites, J Alfredo and Oâ€™Connor, Joseph W and Tobias, Douglas J and Mondragon-Ramirez, Carlos and Vorobyov, Igor and MacKerell Jr, Alexander D and Pastor, Richard W},
  journal={The journal of physical chemistry B},
  volume={114},
  number={23},
  pages={7830--7843},
  year={2010},
  publisher={ACS Publications}
}
@article{seelig1974dynamic,
  title={Dynamic structure of fatty acyl chains in a phospholipid bilayer measured by deuterium magnetic resonance},
  author={Seelig, Anna and Seelig, Joachim},
  journal={Biochemistry},
  volume={13},
  number={23},
  pages={4839--4845},
  year={1974},
  publisher={ACS Publications}
}
@article{seelig1975bilayers,
  title={Bilayers of dipalmitoyl-3-sn-phosphatidylcholine: Conformational differences between the fatty acyl chains},
  author={Seelig, Anna and Seelig, Joachim},
  journal={Biochimica et Biophysica Acta (BBA)-Biomembranes},
  volume={406},
  number={1},
  pages={1--5},
  year={1975},
  publisher={Elsevier}
}
@article{gally1975conformation,
  title={Conformation and motion of the choline head group in bilayers of dipalmitoyl-3-sn-phosphatidylcholine},
  author={Gally, Hans U and Niederberger, Werner and Seelig, Joachim},
  journal={Biochemistry},
  volume={14},
  number={16},
  pages={3647--3652},
  year={1975},
  publisher={ACS Publications}
}
@article{gally1981structure,
  title={Structure of Escherichia coli membranes. Glycerol auxotrophs as a tool for the analysis of the phospholipid head-group region by deuterium magnetic resonance},
  author={Gally, Hans Ulrich and Pluschke, Gerd and Overath, Peter and Seelig, Joachim},
  journal={Biochemistry},
  volume={20},
  number={7},
  pages={1826--1831},
  year={1981},
  publisher={ACS Publications}
}
@article{strenk1985model,
  title={A model of orientational ordering in phosphatidylcholine bilayers based on conformational analysis of the glycerol backbone region},
  author={Strenk, LM and Westerman, PW and Doane, JW},
  journal={Biophysical journal},
  volume={48},
  number={5},
  pages={765--773},
  year={1985},
  publisher={Elsevier}
}
@article{seelig1978molecular,
  title={Molecular order in cis and trans unsaturated phospholipid bilayers},
  author={Seelig, Joachim and Waespe-Sarcevic, Nada},
  journal={Biochemistry},
  volume={17},
  number={16},
  pages={3310--3315},
  year={1978},
  publisher={ACS Publications}
}
@article{douliez1995restatement,
  title={Restatement of order parameters in biomembranes: calculation of CC bond order parameters from CD quadrupolar splittings},
  author={Douliez, Jean-Paul and Leonard, Alain and Dufourc, Erick J},
  journal={Biophysical journal},
  volume={68},
  number={5},
  pages={1727--1739},
  year={1995},
  publisher={Elsevier}
}
@article{shaikh2002monounsaturated,
  title={Monounsaturated PE does not phase-separate from the lipid raft molecules sphingomyelin and cholesterol: role for polyunsaturation?},
  author={Shaikh, Saame Raza and Brzustowicz, Michael R and Gustafson, Noah and Stillwell, William and Wassall, Stephen R},
  journal={Biochemistry},
  volume={41},
  number={34},
  pages={10593--10602},
  year={2002},
  publisher={ACS Publications}
}
@article{perly1985acyl,
  title={Acyl chain dynamics of phosphatidylethanolamines containing oleic acid and dihydrosterculic acid: deuteron NMR relaxation studies},
  author={Perly, Bruno and Smith, Ian CP and Jarrell, Harold C},
  journal={Biochemistry},
  volume={24},
  number={17},
  pages={4659--4665},
  year={1985},
  publisher={ACS Publications}
}
@article{chu2018polarizable,
  title={Polarizable atomic multipole-based force field for DOPC and POPE membrane lipids},
  author={Chu, Huiying and Peng, Xiangda and Li, Yan and Zhang, Yuebin and Min, Hanyi and Li, Guohui},
  journal={Molecular Physics},
  volume={116},
  number={7-8},
  pages={1037--1050},
  year={2018},
  publisher={Taylor \& Francis}
}
@article{chu2018anionicpolarizable,
  title={A polarizable atomic multipole-based force field for molecular dynamics simulations of anionic lipids},
  author={Chu, Huiying and Peng, Xiangda and Li, Yan and Zhang, Yuebin and Li, Guohui},
  journal={Molecules},
  volume={23},
  number={1},
  pages={77},
  year={2018},
  publisher={Multidisciplinary Digital Publishing Institute}
}
@article{davis2009molecular,
  title={Molecular dynamics simulations of a DMPC bilayer using nonadditive interaction models},
  author={Davis, Joseph E and Rahaman, Obaidur and Patel, Sandeep},
  journal={Biophysical journal},
  volume={96},
  number={2},
  pages={385--402},
  year={2009},
  publisher={Elsevier}
}
@article{klauda2005ab,
  title={An ab initio study on the torsional surface of alkanes and its effect on molecular simulations of alkanes and a DPPC bilayer},
  author={Klauda, Jeffery B and Brooks, Bernard R and MacKerell, Alexander D and Venable, Richard M and Pastor, Richard W},
  journal={The journal of physical chemistry B},
  volume={109},
  number={11},
  pages={5300--5311},
  year={2005},
  publisher={ACS Publications}
}
@article{davis2009charge,
  title={Charge equilibration force fields for lipid environments: applications to fully hydrated DPPC bilayers and DMPC-embedded gramicidin A},
  author={Davis, Joseph E and Patel, Sandeep},
  journal={The Journal of Physical Chemistry B},
  volume={113},
  number={27},
  pages={9183--9196},
  year={2009},
  publisher={ACS Publications}
}
@article{melcr2019improved,
	title={Improved Cation Binding to Lipid Bilayers with Negatively Charged POPS by Effective Inclusion of Electronic Polarization},
	author={Melcr, Josef and Ferreira, Tiago M and Jungwirth, Pavel and Ollila, OH Samuli},
	journal={Journal of chemical theory and computation},
	year={2019},
	publisher={ACS Publications}
}
